@article{Brice_o_2016,
  doi = {10.1088/1674-1137/40/4/042001},
  url = {http://dx.doi.org/10.1088/1674-1137/40/4/042001},
  year = {2016},
  month = {apr},
  publisher = {{IOP} Publishing},
  volume = {40},
  number = {4},
  pages = {042001},
  author = {R. A. Brice{\~{n}}o and T. D. Cohen and S. Coito and J. J. Dudek and E. Eichten and C. S. Fischer and M. Fritsch and W. Gradl and A. Jackura and M. Kornicer and G. Krein and R. F. Lebed and F. A. Machado and R. E. Mitchell and C. J. Morningstar and M. Peardon and M. R. Pennington and K. Peters and J. M. Richard and C. P. Shen and M. R. Shepherd and T. Skwarnicki and E. S. Swanson and A. P. Szczepaniak and C. Z. Yuan},
  title = {{Issues and Opportunities in Exotic Hadrons}},
  journal = {Chinese Phys. C},
}
